<record><leader>00000cas a22000007a 4500</leader><controlfield tag="001">18120470</controlfield><controlfield tag="008">880622d19621962ohumr ne      0    0eng d</controlfield><datafield ind1=" " ind2=" " tag="010"><subfield code="a">sn 88078643 </subfield></datafield><datafield ind1=" " ind2=" " tag="040"><subfield code="a">ONP</subfield><subfield code="b">eng</subfield><subfield code="c">ONP</subfield><subfield code="d">OCLCQ</subfield></datafield><datafield ind1=" " ind2=" " tag="042"><subfield code="a">msc</subfield></datafield><datafield ind1="0" ind2="0" tag="245"><subfield code="a">Ford Local 425 UAW news.</subfield></datafield><datafield ind1=" " ind2=" " tag="260"><subfield code="a">Lorain, Ohio :</subfield><subfield code="b">[UAW Local 425],</subfield><subfield code="c">-1962.</subfield></datafield><datafield ind1=" " ind2=" " tag="310"><subfield code="a">Monthly</subfield></datafield><datafield ind1="1" ind2=" " tag="362"><subfield code="a">Began in Mar. 1962.</subfield></datafield><datafield ind1="0" ind2=" " tag="362"><subfield code="a">-v. 1, no. 2 (Apr. 1962).</subfield></datafield><datafield ind1=" " ind2=" " tag="752"><subfield code="a">United States</subfield><subfield code="b">Ohio</subfield><subfield code="c">Lorain</subfield><subfield code="d">Lorain.</subfield></datafield><datafield ind1="0" ind2="0" tag="785"><subfield code="t">Labor's shield and banner</subfield><subfield code="w">(DLC)sn 88078642</subfield></datafield></record>